<?xml version="1.0" encoding="UTF-8"?><collection xmlns="http://www.loc.gov/MARC21/slim"><record><leader>00304nam--2200121-i-4500</leader><controlfield tag="001">000005969</controlfield><controlfield tag="002">20161230</controlfield><controlfield tag="005">20161230201026</controlfield><controlfield tag="008">060222s1000------------r-----000-0-eng-d</controlfield><datafield ind1=" " ind2=" " tag="245"><subfield code="a">The science of surface coatings</subfield></datafield><datafield ind1=" " ind2=" " tag="260"><subfield code="a">London,Ernest Benn Ltd.,1962.Xix+594p</subfield></datafield><datafield ind1=" " ind2=" " tag="700"><subfield code="a">Chatfield, H.W</subfield></datafield><datafield ind1=" " ind2=" " tag="852"><subfield code="a">17708</subfield></datafield></record></collection>